<record><leader>00000cas a22000007a 4500</leader><controlfield tag="001">18082766</controlfield><controlfield tag="008">880614d19761977txuwr ne      0    0eng d</controlfield><datafield ind1=" " ind2=" " tag="010"><subfield code="a">sn 88083731 </subfield></datafield><datafield ind1=" " ind2=" " tag="040"><subfield code="a">PPM</subfield><subfield code="b">eng</subfield><subfield code="c">PPM</subfield><subfield code="d">OCLCQ</subfield></datafield><datafield ind1=" " ind2=" " tag="042"><subfield code="a">msc</subfield></datafield><datafield ind1="0" ind2="0" tag="245"><subfield code="a">Deep East Texas pioneer regional weekly.</subfield></datafield><datafield ind1=" " ind2=" " tag="260"><subfield code="a">Nacogdoches, Tex. :</subfield><subfield code="b">Pioneer Pub. Co.,</subfield><subfield code="c">1976-1977.</subfield></datafield><datafield ind1=" " ind2=" " tag="310"><subfield code="a">Weekly</subfield></datafield><datafield ind1="0" ind2=" " tag="362"><subfield code="a">Vol. 1, no. 1 (Aug. 5, 1976)-v. 2, no. 2 (Jan. 27, 1977).</subfield></datafield><datafield ind1=" " ind2=" " tag="752"><subfield code="a">United States</subfield><subfield code="b">Texas</subfield><subfield code="c">Nacogdoches</subfield><subfield code="d">Nacogdoches.</subfield></datafield><datafield ind1="0" ind2="0" tag="785"><subfield code="t">Pioneer</subfield></datafield></record>